@book{nielsen15,
  title={Neural Networks and Deep Learning},
  author={Michael A. Nielsen},
  publisher={Determination Press},
  date={2015}
}

@article{russell2002artificial,
  title={Artificial intelligence: a modern approach},
  author={Russell, Stuart and Norvig, Peter},
  year={2002}
}

@book{geron2019hands,
  title={Hands-On Machine Learning with Scikit-Learn, Keras, and TensorFlow: Concepts, Tools, and Techniques to Build Intelligent Systems},
  author={G{\'e}ron, Aur{\'e}lien},
  year={2019},
  publisher={O'Reilly Media}
}

@book{burkov2019hundred,
  title={The hundred-page machine learning book},
  author={Burkov, Andriy},
  year={2019},
  publisher={Andriy Burkov Quebec City, Can.}
}

@article{xiao2017fashion,
  title={Fashion-mnist: a novel image dataset for benchmarking machine learning algorithms},
  author={Xiao, Han and Rasul, Kashif and Vollgraf, Roland},
  journal={arXiv preprint arXiv:1708.07747},
  year={2017}
}

@article{lecun1998gradient,
  title={Gradient-based learning applied to document recognition},
  author={LeCun, Yann and Bottou, L{\'e}on and Bengio, Yoshua and Haffner, Patrick},
  journal={Proceedings of the IEEE},
  volume={86},
  number={11},
  pages={2278--2324},
  year={1998},
  publisher={Ieee}
}
